<record><leader>00000cas a22000007a 4500</leader><controlfield tag="001">42201755</controlfield><controlfield tag="008">990820d1uuu19uusduwr ne      0    0eng d</controlfield><datafield ind1=" " ind2=" " tag="010"><subfield code="a">sn 99062010 </subfield></datafield><datafield ind1=" " ind2=" " tag="040"><subfield code="a">SXN</subfield><subfield code="b">eng</subfield><subfield code="c">SXN</subfield><subfield code="d">OCLCQ</subfield><subfield code="d">OCLCF</subfield><subfield code="d">OCLCO</subfield></datafield><datafield ind1=" " ind2=" " tag="042"><subfield code="a">msc</subfield></datafield><datafield ind1=" " ind2=" " tag="043"><subfield code="a">n-us-sd</subfield></datafield><datafield ind1="0" ind2=" " tag="130"><subfield code="a">Citizen-Republican (Scotland, S.D.)</subfield></datafield><datafield ind1="1" ind2="4" tag="245"><subfield code="a">The citizen-Republican.</subfield></datafield><datafield ind1="1" ind2="7" tag="246"><subfield code="a">Parkston citizen-Republican</subfield></datafield><datafield ind1=" " ind2=" " tag="260"><subfield code="a">Scotland, Bon Homme County, S.D. :</subfield><subfield code="b">P.A. Bliss</subfield></datafield><datafield ind1=" " ind2=" " tag="300"><subfield code="a">v.</subfield></datafield><datafield ind1=" " ind2=" " tag="310"><subfield code="a">Weekly</subfield></datafield><datafield ind1=" " ind2=" " tag="500"><subfield code="a">Published in: Scotland, &lt;Oct. 8, 1903-Apr. 28, 1921&gt;; and in: Parkston, &lt;May 12-June 30, 1921&gt;.</subfield></datafield><datafield ind1=" " ind2=" " tag="530"><subfield code="a">Available on microfilm from: State Archives, South Dakota State Historical Society.</subfield></datafield><datafield ind1=" " ind2=" " tag="588"><subfield code="a">Description based on: Vol. 28, no. 21 (Oct. 8, 1903).</subfield></datafield><datafield ind1=" " ind2="0" tag="651"><subfield code="a">Scotland (S.D.)</subfield><subfield code="v">Newspapers.</subfield></datafield><datafield ind1=" " ind2="0" tag="651"><subfield code="a">Bon Homme County (S.D.)</subfield><subfield code="v">Newspapers.</subfield></datafield><datafield ind1=" " ind2="0" tag="651"><subfield code="a">Parkston (S.D.)</subfield><subfield code="v">Newspapers.</subfield></datafield><datafield ind1=" " ind2="0" tag="651"><subfield code="a">Hutchinson County (S.D.)</subfield><subfield code="v">Newspapers.</subfield></datafield><datafield ind1=" " ind2="7" tag="655"><subfield code="a">Newspapers.</subfield><subfield code="2">fast</subfield><subfield code="0">(OCoLC)fst01423814</subfield></datafield><datafield ind1=" " ind2="7" tag="651"><subfield code="a">South Dakota</subfield><subfield code="z">Bon Homme County.</subfield><subfield code="2">fast</subfield><subfield code="0">(OCoLC)fst01215576</subfield></datafield><datafield ind1=" " ind2="7" tag="651"><subfield code="a">South Dakota</subfield><subfield code="z">Hutchinson County.</subfield><subfield code="2">fast</subfield><subfield code="0">(OCoLC)fst01204320</subfield></datafield><datafield ind1=" " ind2="7" tag="651"><subfield code="a">South Dakota</subfield><subfield code="z">Parkston.</subfield><subfield code="2">fast</subfield><subfield code="0">(OCoLC)fst01306799</subfield></datafield><datafield ind1=" " ind2="7" tag="651"><subfield code="a">South Dakota</subfield><subfield code="z">Scotland.</subfield><subfield code="2">fast</subfield><subfield code="0">(OCoLC)fst01304815</subfield></datafield><datafield ind1=" " ind2=" " tag="752"><subfield code="a">United States</subfield><subfield code="b">South Dakota</subfield><subfield code="c">Bon Homme</subfield><subfield code="d">Scotland.</subfield></datafield><datafield ind1=" " ind2=" " tag="752"><subfield code="a">United States</subfield><subfield code="b">South Dakota</subfield><subfield code="c">Hutchinson</subfield><subfield code="d">Parkston.</subfield></datafield></record>